<?xml version="1.0" encoding="UTF-8"?><collection xmlns="http://www.loc.gov/MARC21/slim"><record><leader>00445nam--2200181-i-4500</leader><controlfield tag="001">000030009</controlfield><controlfield tag="002">20161230</controlfield><controlfield tag="005">20161230201038</controlfield><controlfield tag="008">060222s1000------------r-----000-0-eng-d</controlfield><datafield ind1=" " ind2=" " tag="040"><subfield code="a">IFIN-HH</subfield></datafield><datafield ind1=" " ind2=" " tag="080"><subfield code="a">532.5</subfield></datafield><datafield ind1="1" ind2=" " tag="100"><subfield code="a">Lamb, Horace</subfield></datafield><datafield ind1="1" ind2="0" tag="245"><subfield code="a">Hydrodynamics</subfield><subfield code="c">Horace Lamb</subfield></datafield><datafield ind1=" " ind2=" " tag="250"><subfield code="a">Sixth Edition</subfield></datafield><datafield ind1=" " ind2=" " tag="260"><subfield code="a">Cambridge, At The University Press, 1957</subfield></datafield><datafield ind1=" " ind2=" " tag="300"><subfield code="a">XV + 738P</subfield></datafield><datafield ind1=" " ind2=" " tag="852"><subfield code="a">13427</subfield><subfield code="c">532</subfield></datafield><datafield ind1=" " ind2=" " tag="CAT"><subfield code="a">Sys</subfield><subfield code="c">20100713</subfield><subfield code="h">092051</subfield></datafield></record></collection>